@misc{smartphoneStat,
  title     = {{Global Device Penetration Per Capita}},
  howpublished = {http://www.businessinsider.com/smartphone-and-tablet-penetration-2013-10},
}

@misc{contentStat,
  title     = {{Video content reaches almost 85 percent of internet users}},
  howpublished = {http://tinyurl.com/m83nwzm},
}

@misc{dataStat,
  title     = {{Cisco Predicts That 90\% Of All Internet Traffic Will Be Video In The Next Three Years}},
  howpublished  ={http://goo.gl/WpYemd},
}

@misc{youtubeStat,
  title     = {{100 hrs of video are uploaded to YouTube every min.}},
  howpublished = {http://www.youtube.com/yt/press/statistics.html},
}

@inproceedings{huang_mobisys_11,
 author = {Huang, Junxian and Qian, Feng and Gerber, Alexandre and Mao, Z. Morley and Sen, Subhabrata and Spatscheck, Oliver},
 title = {A Close Examination of Performance and Power Characteristics of 4G LTE Networks},
 booktitle = {MobiSys},
 year = {2012}
} 

@inproceedings{finamore_imc_11,
 author = {Finamore, Alessandro and Mellia, Marco and Munaf\`{o}, Maurizio M. and Torres, Ruben and Rao, Sanjay G.},
 title = {YouTube Everywhere: Impact of Device and Infrastructure Synergies on User Experience},
 booktitle = {IMC},
 year = {2011}
} 

@inproceedings{movid,
 author = {Siekkinen, Matti and Hoque, Mohammad Ashraful and Nurminen, Jukka K. and Aalto, Mika},
 title = {Streaming over 3G and LTE: How to Save Smartphone Energy in Radio Access Network-friendly Way},
 booktitle = {MoVid},
 year = {2013}
} 

@inproceedings{Li_nossdav12,
 author = {Li, Zhenhua and Huang, Yan and Liu, Gang and Wang, Fuchen and Zhang, Zhi-Li and Dai, Yafei},
 title = {Cloud Transcoder: Bridging the Format and Resolution Gap Between Internet Videos and Mobile Devices},
 booktitle = {NOSSDAV},
 year = {2012}
}
 
 @misc{bandwidth,
  title     = {{Bandwidth is running out. Letâ€™s save the bandwidth}},
  howpublished  ={http://goo.gl/4Oej1C},
}

@misc{datasheet,
  title     = {{Microchip ZG2100M/ZG2101M Wi-F Module Data Sheet}},
  howpublished  ={http://tinyurl.com/mf6bhhs},
}

@misc{vplayer,
  title     = {{Android VPlayer}},
  howpublished  ={https://vplayer.net/},
}

@misc{ltespeed,
  title     = {{How Fast is 4G Wireless Service ?}},
  howpublished  ={http://tinyurl.com/anr2fe2},
}

@misc{tinyproxy,
  title     = {{Tinyproxy}},
  howpublished  ={https://banu.com/tinyproxy/},
  url = {https://banu.com/tinyproxy/},
}

@misc{ffmpeg,
  title     = {{FFmpeg}},
  howpublished = {http://www.ffmpeg.org/},
}

@inproceedings{qian3g_sig10,
 author = {Qian, Feng and Wang, Zhaoguang and Gerber, Alexandre and Mao, Zhuoqing Morley and Sen, Subhabrata and Spatscheck, Oliver},
 title = {Characterizing Radio Resource Allocation for 3G Networks},
 booktitle = {IMC},
  year = {2010}
} 

@inproceedings{mohapatra_mm03,
 author = {Mohapatra, Shivajit and Cornea, Radu and Dutt, Nikil and Nicolau, Alex and Venkatasubramanian, Nalini},
 title = {Integrated Power Management for Video Streaming to Mobile Handheld Devices},
 booktitle = {MULTIMEDIA},
 year = {2003}
} 

@inproceedings{mobiarch,
 author = {Rajaraman, Swaminathan Vasanth and Siekkinen, Matti and Virkki, Vesa and Torsner, Johan},
 title = {Bundling Frames to Save Energy While Streaming Video from LTE Mobile Device},
 booktitle = {MobiArch},
 year = {2013}
}

@INPROCEEDINGS{ucsd_wcnc, 
author={Guruprasad, R. and Dey, S.}, 
booktitle={IEEE WCNC}, 
title={Rate adaptation and base station reconfiguration for battery efficient video download}, 
year={2013}, 
}

@inproceedings{balasubramanian_imc09,
 author = {Balasubramanian, Niranjan and Balasubramanian, Aruna and Venkataramani, Arun},
 title = {Energy Consumption in Mobile Phones: A Measurement Study and Implications for Network Applications},
 booktitle ={IMC},
 year = {2009}
} 

@inproceedings{huang2012close,
  title={A close examination of performance and power characteristics of 4G LTE networks},
  author={Huang, Junxian and Qian, Feng and Gerber, Alexandre and Mao, Z Morley and Sen, Subhabrata and Spatscheck, Oliver},
  booktitle={Proceedings of the 10th international conference on Mobile systems, applications, and services},
  pages={225--238},
  year={2012},
  organization={ACM}
}

@inproceedings{deng2012traffic,
  title={Traffic-aware techniques to reduce 3g/lte wireless energy consumption},
  author={Deng, Shuo and Balakrishnan, Hari},
  booktitle={Proceedings of the 8th international conference on Emerging networking experiments and technologies},
  pages={181--192},
  year={2012},
  organization={ACM}
}


@inproceedings{hoque2013using,
  title={Using crowd-sourced viewing statistics to save energy in wireless video streaming},
  author={Hoque, Mohammad Ashraful and Siekkinen, Matti and Nurminen, Jukka K},
  booktitle={Proceedings of the 19th annual international conference on Mobile computing \& networking},
  pages={377--388},
  year={2013},
  organization={ACM}
} 

@inproceedings{huang2013depth,
  title={An in-depth study of LTE: Effect of network protocol and application behavior on performance},
  author={Huang, Junxian and Qian, Feng and Guo, Yihua and Zhou, Yuanyuan and Xu, Qiang and Mao, Z Morley and Sen, Subhabrata and Spatscheck, Oliver},
  booktitle={Proceedings of the ACM SIGCOMM 2013 conference on SIGCOMM},
  pages={363--374},
  year={2013},
  organization={ACM}
}


